@article{kuratowskiProblemeCourbesGauches1930,
  title = {Sur Le Problème Des Courbes Gauches En {{Topologie}}},
  author = {Kuratowski, Casimir},
  date = {1930},
  journaltitle = {Fundamenta Mathematicae},
  shortjournal = {Fund. Math.},
  volume = {15},
  pages = {271--283},
  issn = {0016-2736, 1730-6329},
  doi = {10.4064/fm-15-1-271-283},
  url = {http://www.impan.pl/get/doi/10.4064/fm-15-1-271-283},
  urldate = {2024-10-08},
  langid = {english},
  file = {C:\Users\Eric Luu\Zotero\storage\QEZT4QMH\Kuratowski - 1930 - Sur le problème des courbes gauches en Topologie.pdf}
}

@online{mazoitSimpleProofTreewidth2013,
  title = {A Simple Proof of the Tree-Width Duality Theorem},
  author = {Mazoit, Frédéric},
  date = {2013-09-09},
  eprint = {1309.2266},
  eprinttype = {arXiv},
  eprintclass = {math},
  url = {http://arxiv.org/abs/1309.2266},
  urldate = {2024-10-30},
  abstract = {We give a simple proof of the "tree-width duality theorem" of Seymour and Thomas that the tree-width of a finite graph is exactly one less than the largest order of its brambles.},
  pubstate = {prepublished},
  keywords = {Mathematics - Combinatorics},
  file = {C\:\\Users\\Eric Luu\\Zotero\\storage\\SD3YKAFI\\Mazoit - 2013 - A simple proof of the tree-width duality theorem.pdf;C\:\\Users\\Eric Luu\\Zotero\\storage\\C8MWFVD5\\1309.html}
}

@article{wagnerUeberEigenschaftEbenen1937,
  title = {Über eine Eigenschaft der ebenen Komplexe},
  author = {Wagner, K.},
  date = {1937-12-01},
  journaltitle = {Mathematische Annalen},
  shortjournal = {Math. Ann.},
  volume = {114},
  number = {1},
  pages = {570--590},
  issn = {1432-1807},
  doi = {10.1007/BF01594196},
  url = {https://doi.org/10.1007/BF01594196},
  urldate = {2024-02-09},
  langid = {ngerman},
  file = {C:\Users\Eric Luu\Zotero\storage\Z8TD3XEC\Wagner - 1937 - Über eine Eigenschaft der ebenen Komplexe.pdf}
}
